<record><leader>00000cas a2200000 a 4500</leader><controlfield tag="001">6678066</controlfield><controlfield tag="008">800903c19629999miudn ne     s0   a0eng c</controlfield><datafield ind1=" " ind2=" " tag="010"><subfield code="a">sn 96076841 </subfield></datafield><datafield ind1=" " ind2=" " tag="040"><subfield code="a">EEL</subfield><subfield code="b">eng</subfield><subfield code="c">EEL</subfield><subfield code="d">OCL</subfield><subfield code="d">MHN</subfield><subfield code="d">OCL</subfield><subfield code="d">OCLCQ</subfield><subfield code="d">EEM</subfield><subfield code="d">OCLCQ</subfield><subfield code="d">OCLCA</subfield><subfield code="d">OCLCF</subfield></datafield><datafield ind1="1" ind2=" " tag="029"><subfield code="a">AU@</subfield><subfield code="b">000025932370</subfield></datafield><datafield ind1=" " ind2=" " tag="037"><subfield code="b">The State news, 345 Student Services Bldg., Michigan State University, East Lansing, MI 48824</subfield></datafield><datafield ind1=" " ind2=" " tag="042"><subfield code="a">pcc</subfield></datafield><datafield ind1=" " ind2=" " tag="043"><subfield code="a">n-us-mi</subfield></datafield><datafield ind1="0" ind2=" " tag="130"><subfield code="a">State news (East Lansing, Mich.)</subfield></datafield><datafield ind1="1" ind2="4" tag="245"><subfield code="a">The State news.</subfield></datafield><datafield ind1=" " ind2=" " tag="260"><subfield code="a">East Lansing, Mich. :</subfield><subfield code="b">Michigan State University</subfield></datafield><datafield ind1=" " ind2=" " tag="300"><subfield code="a">v. :</subfield><subfield code="b">ill.</subfield></datafield><datafield ind1=" " ind2=" " tag="310"><subfield code="a">Published every class day during fall, winter and spring school terms; Monday, Wednesday and Fridays during summer term</subfield></datafield><datafield ind1="0" ind2=" " tag="362"><subfield code="a">[Vol. 53, no. 165] (Mar. 29, 1962)-</subfield></datafield><datafield ind1=" " ind2="0" tag="651"><subfield code="a">East Lansing (Mich.)</subfield><subfield code="v">Newspapers.</subfield></datafield><datafield ind1=" " ind2="0" tag="651"><subfield code="a">Ingham County (Mich.)</subfield><subfield code="v">Newspapers.</subfield></datafield><datafield ind1="2" ind2="0" tag="610"><subfield code="a">Michigan State University</subfield><subfield code="v">Newspapers.</subfield></datafield><datafield ind1=" " ind2="7" tag="655"><subfield code="a">Newspapers.</subfield><subfield code="2">fast</subfield><subfield code="0">(OCoLC)fst01423814</subfield></datafield><datafield ind1="2" ind2="7" tag="610"><subfield code="a">Michigan State University.</subfield><subfield code="2">fast</subfield><subfield code="0">(OCoLC)fst00532746</subfield></datafield><datafield ind1=" " ind2="7" tag="651"><subfield code="a">Michigan</subfield><subfield code="z">East Lansing.</subfield><subfield code="2">fast</subfield><subfield code="0">(OCoLC)fst01206858</subfield></datafield><datafield ind1=" " ind2="7" tag="651"><subfield code="a">Michigan</subfield><subfield code="z">Ingham County.</subfield><subfield code="2">fast</subfield><subfield code="0">(OCoLC)fst01209050</subfield></datafield><datafield ind1="2" ind2=" " tag="710"><subfield code="a">Michigan State University.</subfield></datafield><datafield ind1=" " ind2=" " tag="752"><subfield code="a">United States</subfield><subfield code="b">Michigan</subfield><subfield code="c">Ingham</subfield><subfield code="d">East Lansing.</subfield></datafield><datafield ind1="1" ind2=" " tag="776"><subfield code="c">Microfilm</subfield><subfield code="d">University Microfilms International</subfield><subfield code="w">(OCoLC)22095688</subfield></datafield><datafield ind1="0" ind2="0" tag="780"><subfield code="t">Michigan State news</subfield><subfield code="w">(DLC)sn 97063314</subfield><subfield code="w">(OCoLC)37460843</subfield></datafield><datafield ind1="4" ind2="1" tag="856"><subfield code="u">http://www.statenews.com/</subfield></datafield><datafield ind1=" " ind2=" " tag="936"><subfield code="a">June 18, 1980</subfield></datafield></record>